<record><leader>00000cas a22000007a 4500</leader><controlfield tag="001">54398182</controlfield><controlfield tag="006">m     o  d        </controlfield><controlfield tag="007">cr cnu||||||||</controlfield><controlfield tag="008">040211c19999999ilubr neo     0   a0eng c</controlfield><datafield ind1=" " ind2=" " tag="010"><subfield code="a">  2004213536</subfield></datafield><datafield ind1=" " ind2=" " tag="040"><subfield code="a">NSD</subfield><subfield code="b">eng</subfield><subfield code="c">NSD</subfield><subfield code="d">OCLCQ</subfield></datafield><datafield ind1=" " ind2=" " tag="012"><subfield code="l">1</subfield></datafield><datafield ind1="0" ind2=" " tag="022"><subfield code="a">1548-6087</subfield><subfield code="l">1548-6087</subfield><subfield code="y">1548-6095</subfield><subfield code="2">1</subfield></datafield><datafield ind1=" " ind2=" " tag="037"><subfield code="b">Strategic Human Services, North Lawndale Community News, 1211 S. Western Ave., Ste. 203, Chicago, IL 60608</subfield></datafield><datafield ind1=" " ind2=" " tag="042"><subfield code="a">nsdp</subfield><subfield code="a">pcc</subfield></datafield><datafield ind1="1" ind2="0" tag="050"><subfield code="a">ISSN RECORD</subfield></datafield><datafield ind1="0" ind2=" " tag="130"><subfield code="a">North Lawndale community news (Online)</subfield></datafield><datafield ind1=" " ind2="4" tag="222"><subfield code="a">The North Lawndale community news</subfield><subfield code="b">(Online)</subfield></datafield><datafield ind1="1" ind2="4" tag="245"><subfield code="a">The North Lawndale community news.</subfield></datafield><datafield ind1=" " ind2=" " tag="260"><subfield code="a">Chicago, IL :</subfield><subfield code="b">Strategic Human Services</subfield></datafield><datafield ind1=" " ind2=" " tag="310"><subfield code="a">Biweekly</subfield></datafield><datafield ind1=" " ind2=" " tag="336"><subfield code="a">text</subfield><subfield code="b">txt</subfield><subfield code="2">rdacontent</subfield></datafield><datafield ind1=" " ind2=" " tag="337"><subfield code="a">computer</subfield><subfield code="b">c</subfield><subfield code="2">rdamedia</subfield></datafield><datafield ind1=" " ind2=" " tag="338"><subfield code="a">online resource</subfield><subfield code="b">cr</subfield><subfield code="2">rdacarrier</subfield></datafield><datafield ind1="1" ind2=" " tag="362"><subfield code="a">Print began in 1999.</subfield></datafield><datafield ind1=" " ind2=" " tag="530"><subfield code="a">Also issued in print.</subfield></datafield><datafield ind1=" " ind2=" " tag="538"><subfield code="a">Mode of access: World Wide Web.</subfield></datafield><datafield ind1=" " ind2=" " tag="588"><subfield code="a">Description based on: Vol. 3, issue 12 (Dec. 2001) (publisher's Web site, viewed Feb. 10, 2004).</subfield></datafield><datafield ind1=" " ind2=" " tag="752"><subfield code="a">United States</subfield><subfield code="b">Illinois</subfield><subfield code="d">Chicago.</subfield></datafield><datafield ind1="1" ind2=" " tag="776"><subfield code="t">North Lawndale community news</subfield><subfield code="x">1548-6095</subfield><subfield code="w">(DLC)  2004213535</subfield><subfield code="w">(OCoLC)54398063</subfield></datafield><datafield ind1="4" ind2="0" tag="856"><subfield code="u">http://www.nlcn.org/</subfield></datafield><datafield ind1="1" ind2=" " tag="029"><subfield code="a">AU@</subfield><subfield code="b">000025308935</subfield></datafield></record>